@BOOK{vdi,
	TITLE	=	{VDI-WÃ¤rmeatlas},
	AUTHOR	=	{Verein-Deutscher-Ingenieure},
	DOI	=	{10.1007/978-3-642-19981-3},
	YEAR	=	{2013},
	VOLUME	=	{11},
	PUBLISHER=	{Springer}
}
